@Manual{lpc4088,
  title = 	 {UM10562 LPC408x/407x User manual},
  organization = {NXP},
  edition = 	 {Rev. 3},
  month = 	 {March},
  year = 	 2014}

@Manual{quickstart,
  title = 	 {LPC4088 Quickstart Board rev B},
  organization = {Embedded Artists},
  month = 	 {August},
  year = 	 2014}

@Manual{cortex_m4_user_guide,
  title = 	 {Cortex-M4 Devices, Generic User Guide},
  organization = {ARM},
  year = 	 2010}

@Manual{baseboard,
  title =        {LPC4088 Experiment Base Board rev A},
  organization = {Embedded Artists},
  month = 	 {September},
  year = 	 2014}

@Manual{baseboard_userguide,
  title = {LPC4088 Experiment Base Board Use's Guide},
  organization = {Embedded Artists},
  year = 	 2014}

@Manual{iala-e,
  title = 	 {Rhythmic Characters of Lights on Aids to Navigation},
  key = 	 {IALA E-110},
  organization = {International Association of Marine Aids to Navigation and Lighthouse Authorities (IALA)},
  edition = 	 {3},
  year = 	 2012,
  url =          {http://www.iala-aism.org/products/publications/0707091216/rhythmic-characters-of-lights-on-aids-to-navigation-e-110}}

